<record><leader>00000cas a22000007a 4500</leader><controlfield tag="001">13213827</controlfield><controlfield tag="008">860228d19852007inuwr ne      0    0eng d</controlfield><datafield ind1=" " ind2=" " tag="010"><subfield code="a">sn 86058338 </subfield></datafield><datafield ind1=" " ind2=" " tag="040"><subfield code="a">NPI</subfield><subfield code="b">eng</subfield><subfield code="c">NPI</subfield><subfield code="d">NPI</subfield><subfield code="d">OCLCQ</subfield><subfield code="d">IUL</subfield><subfield code="d">OCLCF</subfield></datafield><datafield ind1=" " ind2=" " tag="042"><subfield code="a">msc</subfield></datafield><datafield ind1=" " ind2=" " tag="043"><subfield code="a">n-us-in</subfield></datafield><datafield ind1="0" ind2="4" tag="245"><subfield code="a">The Lapel post.</subfield></datafield><datafield ind1=" " ind2=" " tag="260"><subfield code="a">Lapel, Ind. :</subfield><subfield code="b">Thomas G. Tudor,</subfield><subfield code="c">1985-</subfield></datafield><datafield ind1=" " ind2=" " tag="300"><subfield code="a">v. :</subfield><subfield code="b">ill. ;</subfield><subfield code="c">36 cm.</subfield></datafield><datafield ind1=" " ind2=" " tag="310"><subfield code="a">Weekly</subfield></datafield><datafield ind1="0" ind2=" " tag="362"><subfield code="a">Vol. 1, no. 1 (Oct. 3, 1985)-</subfield></datafield><datafield ind1="1" ind2=" " tag="362"><subfield code="a">Ceased June 2007.</subfield></datafield><datafield ind1=" " ind2="0" tag="651"><subfield code="a">Lapel (Ind.)</subfield><subfield code="v">Newspapers.</subfield></datafield><datafield ind1=" " ind2="0" tag="651"><subfield code="a">Madison County (Ind.)</subfield><subfield code="v">Newspapers.</subfield></datafield><datafield ind1=" " ind2="7" tag="651"><subfield code="a">Indiana</subfield><subfield code="z">Lapel.</subfield><subfield code="2">fast</subfield><subfield code="0">(OCoLC)fst01210927</subfield></datafield><datafield ind1=" " ind2="7" tag="651"><subfield code="a">Indiana</subfield><subfield code="z">Madison County.</subfield><subfield code="2">fast</subfield><subfield code="0">(OCoLC)fst01205328</subfield></datafield><datafield ind1=" " ind2="7" tag="655"><subfield code="a">Newspapers.</subfield><subfield code="2">fast</subfield><subfield code="0">(OCoLC)fst01423814</subfield></datafield><datafield ind1=" " ind2=" " tag="752"><subfield code="a">United States</subfield><subfield code="b">Indiana</subfield><subfield code="c">Madison</subfield><subfield code="d">Lapel.</subfield></datafield><datafield ind1="0" ind2="7" tag="785"><subfield code="t">Pendleton times (Pendleton, Ind.)</subfield><subfield code="w">(DLC)sn 86058416</subfield><subfield code="w">(OCoLC)13363755</subfield></datafield><datafield ind1="0" ind2="7" tag="785"><subfield code="t">Times-post (Pendleton, Ind.)</subfield><subfield code="w">(DLC)sn2008060802</subfield><subfield code="w">(OCoLC)190815901</subfield></datafield></record>